@collection{JuanCrisostomo_Homilias,
	author    = {Juan Cristóstomo},
	title = {Homilías},
}

@collection{PascasioRadberto_Mateo,
	author    = {Pascasio Radberto},
	title = {Exposición sobre el evangelio de san Mateo},
}

@incollection{PRadberto_PL0120_0799,
	crossref = {PascasioRadberto_Mateo},	
	author    = {Pascasio Radberto},
	title = {Velad, para estar preparados},
	series = {Exposición sobre el evangelio de san Mateo},	
	note = {Lib. 11, cap. 24: PL 120, 799-800}	
}

@incollection{JCrisostomoPG056_0392,
	crossref = {JuanCrisostomo_Homilias},
	author    = {Juan Cristóstomo},
	title = {Junto al Niño Jesús están María y José},
	series = {Homilías},	
	note = {Sobre el día de Navidad: PG 56, 392}
}
